@Unpublished{Metodologia,
Author = {Juan Francisco Díaz and Carlos Martinez and Carlos Delgado and Felipe Vargas and Maria Cruz},
Title = {Metodología para crear aplicaciones de programación por restricciones como servicio web. Definición e implementación con diversos casos},
Note = {Documento interno del grupo AVISPA},
}

@INPROCEEDINGS{680521, 
author={Roxborough, T. and Medidi, S. and Sen, A.}, 
booktitle={Signals, Systems amp; Computers, 1997. Conference Record of the Thirty-First Asilomar Conference on}, title={On channel assignment problem in cellular networks}, 
year={1997}, 
month={nov.}, 
volume={1}, 
number={}, 
pages={630 -634 vol.1}, 
keywords={NP-complete problem;cellular networks;channel assignment problem;coloring problem;graph;integer linear programming formulation;cellular radio;computational complexity;frequency allocation;graph colouring;linear programming;}, 
doi={10.1109/ACSSC.1997.680521}, 
ISSN={1058-6393},}

@Misc{ITU,
Author = {ITU},
Title = {International Telecommunication Union},
howpublished  = {\url{http://www.itu.int/}},
Year = {2011},
Note = {Noviembre de 2012},
}

@Misc{Ley1341,
Author = {Presidencia de la República Colombia},
Title = {Ley 1341 de 2009},
howpublished = {\url{web.presidencia.gov.co/leyes/2009/julio/ley134130072009.pdf}},
Year = {2009},
note = {Noviembre 2012},
}

@Techreport{TIA,
Author = {TIA},
Institution = {TIA, Advancing Global Communications},
Title = {Broadband Spectrum: The Engine for Innovation, Job Growth, and Advancement of Social Priorities},
Year = {2011},
}

@Techreport{OrgDANE,
Author = {Departamento Administrativo Nacional de Estadística},
Institution = {DANE},
howpublished = {\url{http://www.dane.gov.co/files/inf_geo/4Ge_ConceptosBasicos.pdfl}},
Title = {Conceptos básicos de la organización territorial de Colombia},
Year = {2012},
}

@Techreport{4GANE,
Author = {Departamento },
Institution = {MinTIC, Gobierno de Colombia},
howpublished = {\url{http://www.ane.gov.co/index.php/foro4g.html}},
Title = {Proceso de estudio y subasta para servicios 4G en Colombia},
Year = {2012},
}
http://www.dane.gov.co/files/inf_geo/4Ge_ConceptosBasicos.pdf

@Article{Chengquan,
Author = {Chengquan An and Liang Zhang and Wenyan Liu},
Journal = {IEEE},
Title = {A Spectrum Allocation Algorithm Based On Matching Game},
Year = {2009},
}

@Article{Hurley,
Author = {Hurley and D H Smith},
Journal = {IEEE},
Title = {Fixed Spectrum Frequency Assignment Algorithms Genetic Algorithms in Engineering Systems: lnnovations and Applications},
Year = {1995},
}

@Article{Quellmalz,
Author = { A Quellmalz and A Knalmann and B Muller},
Journal = {IEEE},
Title = {Efficent frequency assignment with simulated annealing},
Year = {1995},
}

@Techreport{Cuadro,
Author = {Ministerio de Tecnologías de Información y Comunicaciones},
Institution = {República de Colombia},
Title = {Cuadro Nacional de Atribución de Frecuencias},
Year = {2010},
}

@Techreport{ListMunDep,
Author = {Biblioteca Virtual del Banco de la República},
Institution = {Banco de la República},
Title = {Listado de municipios de Colombia-Ayuda de tareas sobre geografía },
Year = {2005},
}
 
@book{WGOEB,
  author                    = {Thomas Weise},
  title                     = {{Global Optimization Algorithms, Theory and Application}},
  publisher                 = {{it-weise.de (self-published): {Germany}}},
  year                      = {2009},
  url                       = {http://www.it-weise.de/projects/book.pdf},
  key                       = {WGOEB},
},

@Article{Crear,
Author = {Jesús Aranda and Juan Francisco Díaz and James J Ortiz},
Journal = {Ingeniería y competitividad. Universidad del Valle},
Title = {CREAR: Consejero para la Repartición de Artículos y Evaluadores en Eventos Académicos},
Year = {2004},
}

@Book{Francesca,
Author = {Francesca Rossi and Peter van Beek and Toby Wals},
Publisher = {Oxford University},
Title = {Handbook of Constraint Programming},
Year = {2006},
}

@Unpublished{RestriCurso,
Author = {Peter van Roy},
Note = {Traducido por Juan Francisco Díaz},
Title = {Conceptos, Técnicas y Modelos de Programación},
}

@Misc{GCP,
Author = {Roman Barták},
Title = {Guide to Constraint Programming},
howpublished  = {\url{http://ktiml.mff.cuni.cz/~bartak/constraints/intro.html}},
note = {Noviembre 2012},
Year = {1998},
}


@Techreport{MinTIC,
Author = {Ministerio de Tecnologías de Información y Comunicaciones},
Institution = {Gobierno Colombiano},
Title = {Ministerio de Tecnologías de Información y Comunicaciones, portal Web.},
howpublished  = {\url{http://mintic.gov.co}},
Year = {2010},
}

@Techreport{SpectrumITU,
Author = {International Telecommunication Union},
Institution = {International Telecommunication Union},
Title = {HANDBOOK National Spectrum Management},
Year = {2005},
}

@Book{Krzysztof,
Author = {Krzysztof R},
Publisher = {Cambridge University},
Title = {Principles of Constraint Programming},
Year = {2003},
}

@Conference{MultiOZ,
Author = {Peter Van Roy},
Booktitle = {Multiparadigm Programming in Mozart/Oz},
Title = {Second International Conference, MOZ 2004, Charleroi, Belgium},
Year = {2004},
}

@Mastersthesis{Mathias,
Author = {Mathias Schulz Gröotschel},
School = {Institut four Mathematik der Technischen Universitaat, Berlin},
Title = {Solving Frequency Assignment Problems with Constraint Programming},
Year = {2003},
}


@Mastersthesis{Oztnet,
Author = {Eduardo Arias Reyes and Aldemar Villegas and Juan Francisco Diáz and Andrés Navarro},
School = {Universidad del Valle},
Title = {Oztnet: Mejoramiento del servicio de una red de comunicaciones usando programación por restricciones en MoZart},
Year = {2003},
}

@Article{Prasad,
Author = {W. Prasad Kodali},
Journal = {IEEE},
Title = {Engineering Electromagnetic Compatibility:Principles, Measurements, Technologies, and Computer Models},
Year = {2001},
}


@Article{Yokoo,
Author = {Yokoo, M. Hirayama},
Journal = {IEEE},
Title = {EFrequency Assignment for Cellular Mobile Systems Using Constraint Satisfaction Techniques},
Year = {2000},
}

@Misc{ANE,
Author = {ANE},
Title = {Agencia Nacional del Espectro},
howpublished = {\url{http://www.ane.gov.co/index.shtml}},
Year = {2012},
note = {Noviembre 2012},
}

@Misc{XML,
Author = {World Wide Web Consortium (W3C)},
Title = {Extensible Markup Language (XML)},
howpublished = {\url{http://www.w3.org/XML/}},
Year = {2012},
note = {Noviembre 2012},
}

@Misc{Ley252,
Author = {Senado de la República Colombia},
Title = {Ley 252 de 1995},
howpublished = {\url{http://www.secretariasenado.gov.co/senado/basedoc/ley/1995/ley_0252_1995.html}},
Year = {1995},
note = {Noviembre 2012},
}

@Misc{Ley514,
Author = {Senado de la República Colombia},
Title = {Ley 514 de 1999},
howpublished = {\url{http://www.secretariasenado.gov.co/senado/basedoc/ley/1999/ley_0514_1999.html}},
Year = {1999},
note = {Noviembre 2012},
}

@article{BS1,
author = {J.E. Beasley, M. Krishnamoorthy, Y.M. Sharaiha},
title = "heduling aircraft landings - the static case",
year={2000}, 
month={},
volume={34}, 
number={}, 
journal = {Parallel Processing Institute, Fudan University},
}

@article{BS2, 
author={J.E. Beasley, M. Krishnamoorthy, Y.M. Sharaiha. D. Abramson}, 
title={"The displacement problem and dynamically scheduling aircraft landings"}, 
year={2000}, 
month={},
volume={}, 
number={}, 
journal = {The Management School,Imperial College},
}

@Article{Dict, 
author={Organising Committee of the Third International Competition of CSP Solvers}, 
title={"XML Representation of Constraint Networks: Format XCSP 2.1"}, 
year={2008}, 
month={January},
volume={}, 
number={}, 
journal = {Third International Competition of CSP Solvers},
}

@Article{XCSP,
Author = {Massimo Morara and Jacopo Mauro and Maurizio Gabbrielli },
Journal = {University of Bologna},
Title = {Solving XCSP problems by using Gecode},
Year = {2011},
}

@PHDTHESIS{SecuenAvion,
Author = {Juan F Díaz and Javier Andrés Mena},
School = {Universidad del Valle. Facultad de Ingeniería},
Title = {Solución al problema de secuenciamiento de aviones en Mozart},
Year = {2005},
}

@PHDTHESIS{CadenaSum,
Author = {Juan F Díaz and Jairo Maldonado},
School = {Universidad del Valle. Facultad de Ingeniería},
Title = {Prototipo para la minimización de costos en cadenas de abastecimiento usando programación por restricciones},
Year = {2006},
}

@PHDTHESIS{CadenaSum,
Author = {Juan F Díaz and Jairo Maldonado},
School = {Universidad del Valle. Facultad de Ingeniería},
Title = {Prototipo para la minimización de costos en cadenas de abastecimiento usando programación por restricciones},
Year = {2006},
}

@PHDTHESIS{OZnet,
Author = {Juan F Díaz and Aldemar Antonio Villegas},
School = {Universidad del Valle. Facultad de Ingeniería},
Title = {Mejoramiento del servicio de una red de comunicaciones móviles usando programación por restricciones en Mozart},
Year = {2006},
}

@Techreport{Gestor,
Author = {Centro de Apoyo Tecnológico a Emprendedores, Fundación Parque Científico y Tecnológico de Albacete},
Institution = {Creative Commons By-sa},
Title = {Estudio de los sistemas de gestión de contenidos Web},
Year = {2012},
}

@Techreport{Tope,
Author = {Agencia Nacional del Espectro},
Institution = {MinTIC, Gobierno de Colombia},
Title = {Estudio de análisis de topes de espectro radioeléctrico para servicios móviles terrestres},
Year = {2010},
}

@Misc{Drupal,
Author = {Dries Buytaert.},
Title = {Drupal Open Source CMS},
howpublished = {\url{http://drupal.org/}},
Year = {2012},
note = {Noviembre 2012},
}

@Misc{MozartWeb,
Author = {Saarland University,  Swedish Institute of Computer Science, German Research Center for Artificial Intelligence},
Title = {The Mozart Programming System},
howpublished = {\url{http://www.mozart-oz.org/}},
Year = {2012},
note = {Noviembre 2012},
}

@INPROCEEDINGS{4554416, 
author={Pinagapany, S. and Kulkarni, A.V.}, 
booktitle={Communication Systems Software and Middleware and Workshops, 2008. COMSWARE 2008. 3rd International Conference on}, title={Solving channel allocation problem in cellular radio networks using genetic algorithm}, 
year={2008}, 
month={jan.}, 
volume={}, 
number={}, 
pages={239 -244}, 
keywords={NP hard problem;cellular communication service;cellular radio network;conflict-free dynamic channel allocation problem;frequency spectrum assignment;genetic algorithm;heuristic optimization tool;minimum channel span;minimum interference;cellular radio;channel allocation;frequency allocation;genetic algorithms;minimisation;radio networks;radiofrequency interference;wireless channels;}, 
doi={10.1109/COMSWA.2008.4554416}, 
ISSN={},}

@Book{Truncation,
Author = {G de K. F. (Kim F.) Man,K. S. Tang,Sam Kwong},
Publisher = {Springer},
Title = {Genetic Algorithms: Concepts and Design},
Year = {1999},
Note = {Page 26},
}
@Book{Kohonen,
Author = {Kohonen, T.; Kaski, S.; Lagus, K.; Salo jarvi, J.; Honkela, J.; Paatero, Vesa; Saarela, Antti},

Title = {Self Organization of aMassive Document Collection. IEEE Transactions on Neural Networks},
Year = {2000},
Note={Vol. 11, No. 3},
Note = {May 2000},
}
